@article{zhang2022pinns,
  title={Physics-informed neural networks for consolidation of soils},
  author={Zhang, Sheng and Lan, Peng and Li, Hai-Chao and Tong, Chen-Xi and Sheng, Daichao},
  journal={Engineering Computations},
  year={2022},
  month={June},
  issn={0264-4401},
  doi={10.1108/EC-06-2021-0255},
  url={https://www.emerald.com/insight/content/doi/10.1108/ec-08-2021-0492/full/html},
  note={Accessed January 27, 2025}
}

